@article{einstein,
    author = "Albert Einstein",
    title = "{Zur Elektrodynamik bewegter K{\"o}rper}. ({German})
    [{On} the electrodynamics of moving bodies]",
    journal = "Annalen der Physik",
    volume = "322",
    number = "10",
    pages = "891--921",
    year = "1905",
    DOI = "http://dx.doi.org/10.1002/andp.19053221004",
    keywords = "physics"
}

@book{dirac,
    title = {The Principles of Quantum Mechanics},
    author = {Paul Adrien Maurice Dirac},
    isbn = {9780198520115},
    series = {International series of monographs on physics},
    year = {1981},
    publisher = {Clarendon Press},
    keywords = {physics}
}
@online{1website,
    author = "Tecnologia + Informática",
    title = "La Memoria de la Computadora",
    url  = "https://www.tecnologia-informatica.com/memoria-computadora/",
    addendum = "(accessed:  13 de julio, 2020)",

}

@online{2website,
    author = "Emiliano Galasso",
    title = "Taller Informática",
    url  = "https://tallerinformatica.wordpress.com/",
    addendum = "(accessed: 30 de abril, 2012)",
}
@online{3website,
    author = "Yaneth Gutierrez Zanches",
    title = "Gestión de Memoria-Sistemas operativos I",
    url  = "https://sites.google.com/site/sisoper1/home/gestion-de-memoria#:~:text=La%20parte%20del%20sistema%20operativo,necesiten%20y%20liber%C3%A1ndola%20cuando%20terminen.",
    addendum = "(accessed:  14 de abril, 2013)",
}

@inbook{Programación,
    author = "Fernando Alonso Amo, Angelica Jimenez, Pilar Fuentes",
    title = "Programación sin Secretos",
    publisher = "Madrid, España",
    year = "1999",
    chapter = "1",
}